@book{santos2018engenharia,
  author = {Santos, C. A. and Ribeiro, J. R.},
  title = {Engenharia de Materiais para Aplicações Eletrônicas e Termomecânicas},
  year = {2018},
  publisher = {Editora LTC},
  address = {São Paulo}
}

@book{almeida2020gestao,
  author = {Almeida, M. T. and Ferreira, L. P.},
  title = {Gestão Térmica de Dispositivos Eletrônicos: Fundamentos e Aplicações},
  year = {2020},
  publisher = {Elsevier Brasil},
  address = {Rio de Janeiro}
}

@article{pereira2017propriedades,
  author = {Pereira, R. M. and Souza, A. P.},
  title = {Propriedades Térmicas de Ligas Metálicas para Aplicações Industriais},
  journal = {Revista Brasileira de Engenharia e Tecnologia Aplicada},
  year = {2017},
  volume = {4},
  number = {3},
  pages = {25-38}
}

@article{hohensee2001thermal,
  author = {Hohensee, G. T. and Fayer, A. and Cahill, D. G.},
  title = {Thermal conductivity of gallium nitride},
  journal = {Journal of Applied Physics},
  year = {2001}
}

@article{chiu2004thermal,
  author = {Chiu, W. K. and Xiao, M.},
  title = {Thermal management of electronic devices using liquid gallium alloy thermal interfaces},
  journal = {IEEE Transactions on Components and Packaging Technologies},
  year = {2004}
}

@article{oh2019thermal,
  author = {Oh, H. and Kim, D. and Kim, D. K. and Jang, G. H.},
  title = {Thermal and electrical reliability of a liquid metal thermal interface with phase change properties for high-power processors},
  journal = {Journal of Electronic Materials},
  year = {2019}
}

@book{emsley2012elements,
  author = {Emsley, John},
  title = {Elements 1-112, 114, 116 and 117},
  year = {2012}
}

@incollection{rambeck2002gallium,
  author = {Rambeck, H. G. and Schulze, G.},
  title = {Gallium and Gallium Compounds},
  booktitle = {Ullmann's Encyclopedia of Industrial Chemistry},
  year = {2002}
}

@online{sony2020ps5,
  author = {Sony Interactive Entertainment},
  title = {PS5 teardown: Assista ao vídeo oficial de desmontagem do PS5 pela Sony, onde são explicados o sistema de resfriamento e o uso de metal líquido},
  year = {2020},
  url = {https://www.youtube.com/watch?v=CaAY-jAjm0w},
  note = {Acessado em: 2024-11-08}
}

@article{zhu2018thermal,
  author = {Zhu, W. and others},
  title = {Thermal management of electronic devices with liquid metals},
  journal = {Applied Thermal Engineering},
  year = {2018},
  note = {Uso de metais líquidos como o gálio}
}
@misc{der8auer2023,
    author    = {der8auer},
    title     = {Viewer-Mail Ep7: Nasty Liquid Metal Damage - Rescue Attempt},
    year      = {2023},
    note      = {YouTube video},
    month     = 1,
    day       = {19},
    url       = {https://youtu.be/jvqEqVlhK68},
    howpublished = {\url{https://youtu.be/jvqEqVlhK68}},
    urldate   = {2024-11-09}
}

@misc{tronicsfix2020,
    author    = {TronicsFix},
    title     = {PS5 Liquid Metal vs Thermal Paste - It OVERHEATED!},
    year      = {2020},
    note      = {YouTube video},
    month     = 12,
    day       = {18},
    url       = {https://youtu.be/LbX_UjhgpGU},
    howpublished = {\url{https://youtu.be/LbX_UjhgpGU}},
    urldate   = {2024-11-09}
}